@Misc{wiki1,
    author = {},
    title = {Typografia},
    year = {2018},
    note = {vid. 2018-06-11},
    howpublished = {Dostupné z: \url{https://sk.wikipedia.org/wiki/Typografia_(umenie)}}
}
@InBook{bookTypography,
	title = {Typografie},
	author = {Jason Tselentis},
	publisher = {Slovart CZ},
	year = {2014},
	ISBN = {9788073918071},
}
@InBook{bookBeginning,
	title = {LaTeX Beginner's Guide},
	author = {Stefan Kottwitz},
	publisher = {Packt Publishing},
	year = {2021},
	ISBN = {1801078653},
}
@Misc{onlineNavod,
	title = {Learn LaTeX in 30 minutes},
	author = {Overleaf},
	howpublished = {[online]},
	url = {https://cs.overleaf.com/learn/latex/Learn_LaTeX_in_30_minutes},
}
@MastersThesis{zaverecnaPraca1,
	title = {Bakalárska práca v LaTeXu},
	author = {Stanislav Nagy and Daniel Hlubinka},
	school = {Univerzita Karlova, Matematicko-Fyzikální fakulta, Katedra pravděpodobnosti a matematické statistiky},
	type = {Bakalárská práca},
	year = {2022},
	url = {https://www2.karlin.mff.cuni.cz/~nagy/NMAT362/NMAT362_parA2.pdf},
}
@MastersThesis{zaverecnaPraca2,
	title = {Transformace výrazů z Editoru Rovnic do LaTeXu},
	author = {Jiří Šimek},
	school = {Vysoké učení technické v Brně. Fakulta informačních technologií. Ústav informačních systémů},
	type = {Bakalářská práce},
	year = {2009},
	url = {https://dspace.vutbr.cz/bitstream/handle/11012/54447/final-thesis.pdf?sequence=1&isAllowed=y},
}
@Misc{onlineNavod2,
	title = {LaTeX},
	author = { David Martinek},
	year = {2006},
    note = {vid. 2006-08-21},
	howpublished = {[online]},
	url = {http://www.fit.vutbr.cz/~martinek/latex/links.html},
}
@Article{journal1,
    journal = {The Prac\TeX \, \,journal},
	title = {Bashful Writing and Active Documents},
	author = {Yossi Gil},
	year = {2012},
}
@Article{journal2,
    journal = {The Prac\TeX \, \,journal},
	title = {Easy-to-use Chinese MTEX Suite},
	author = {Hongbin Ma},
	year = {2012},
}
@Article{magazine,
    journal = {Magazín KPI, Časopis Katedry počítačov a informatiky FEI TUKE},
	title = {Základy práce s LaTeXom},
	author = {Nikola Ďorková},
	year = {2020},
	url = {https://magazin.kpi.fei.tuke.sk/2020/09/zaklady-prace-s-latexom/},
}